@standard{EBNFStandard,
	abstract = {Defines a notation, Extended BNF, for specifying the syntax of a linear sequence of symbols. It defines both the logical structure of the notation and its graphical representation.},
	added-at = {2011-01-31T17:20:03.000+0100},
	biburl = {https://www.bibsonomy.org/bibtex/2b7af2a721ce66ef9b4a7ded5e9823b43/voj},
	editor = {{International Organization for Standardization}},
	interhash = {30164f61afb5d404f2eb3a7f86297e6d},
	intrahash = {b7af2a721ce66ef9b4a7ded5e9823b43},
	keywords = {BNF EBNF},
	timestamp = {2013-01-06T10:11:11.000+0100},
	title = {ISO/IEC 14977:1996 Information Technology - Syntactic Metalanguage - Extended BNF},
	year = 1996
}

